@book{CWM,
  author = {Saunders {Mac Lane}},
  year = {1998},
  title = {Categories for the Working Mathematician},
  publisher = {Springer}
}

@book{SGL,
  author = {Mac Lane, S. and Moerdijk, I.},
  year = {1992},
  title = {Sheaves in Geometry and Logic},
  publisher = {Springer-Verlag}
}

@book{MHPM,
  author = {Zalamea, Fernando},
  year = {2021},
  title = {Modelos en haces para el pensamiento matemático},
  publisher = {Editorial Universidad Nacional de Colombia}
}

@book{MSC,
  author = {Wedhorn, Torsten},
  year = {2016},
  title = {Manifolds, Sheaves, and Cohomology},
  publisher = {Springer Spektrum}
}

@article{LHE,
  author  = "Caicedo, Xavier",
  title   = "Lógica de los haces de estructuras",
  journal = "Revista de la Academia Colombiana de Ciencias Exactas, Físicas y Naturales",
  year    = 1997,
  volume  = "21",
  number  = "81",
  pages   = "521-534"
}


